
@misc{HickeyReducers,
author = {Hickey, Rich},
title = {Reducers - A Library and Model for Collection Processing},
year = {2012},
url = {http://clojure.com/blog/2012/05/08/reducers-a-library-and-model-for-collection-processing.html}
}

@inproceedings{Hickey:2008,
 author = {Hickey, Rich},
 title = {The Clojure programming language},
 booktitle = {Proceedings of the 2008 symposium on Dynamic languages},
 series = {DLS '08},
 year = {2008},
 isbn = {978-1-60558-270-2},
 location = {Paphos, Cyprus},
 pages = {1:1--1:1},
 articleno = {1},
 numpages = {1},
 url = {http://doi.acm.org.ezproxy.morris.umn.edu/10.1145/1408681.1408682},
 doi = {10.1145/1408681.1408682},
 acmid = {1408682},
 publisher = {ACM},
 address = {New York, NY, USA},
} 

@article{Blackburn:2008,
 author = {Blackburn, Stephen M. and McKinley, Kathryn S. and Garner, Robin and Hoffmann, Chris and Khan, Asjad M. and Bentzur, Rotem and Diwan, Amer and Feinberg, Daniel and Frampton, Daniel and Guyer, Samuel Z. and Hirzel, Martin and Hosking, Antony and Jump, Maria and Lee, Han and Moss, J. Eliot B. and Phansalkar, Aashish and Stefanovik, Darko and VanDrunen, Thomas and von Dincklage, Daniel and Wiedermann, Ben},
 title = {Wake Up and Smell the Coffee: Evaluation Methodology for the 21st Century},
 journal = {Commun. ACM},
 issue_date = {August 2008},
 volume = {51},
 number = {8},
 month = aug,
 year = {2008},
 issn = {0001-0782},
 pages = {83--89},
 numpages = {7},
 url = {http://doi.acm.org/10.1145/1378704.1378723},
 doi = {10.1145/1378704.1378723},
 acmid = {1378723},
 publisher = {ACM},
 address = {New York, NY, USA},
}